@misc{amizadeh2019pdp,
	title={{PDP}: A General Neural Framework for Learning Constraint Satisfaction Solvers},
	author={Amizadeh, Saeed and Matusevych, Sergiy and Weimer, Markus},
	howpublished={arXiv:1903.01969 [cs.LG]},
	year={2019},
	url={https://arxiv.org/abs/1903.01969}
}

@misc{amrani2018ml,
	title={{ML} + {FV} = $\heartsuit$? A Survey on the Application of Machine Learning to Formal Verification},
	author={Amrani, Moussa and L{\'u}cio, Levi and Bibal, Adrien},
	howpublished={arXiv:1806.03600 [cs.SE]},
	year={2018},
	url={https://arxiv.org/abs/1806.03600}
}

@proceedings{balyo2020proceedings,
	title={Proceedings of SAT Competition 2020: Solver and Benchmark Descriptions},
	editor={Balyo, Tom{\'a}{\v{s}} and Froleyks, Nils and Heule, Marijn J. H. and Iser, Markus and J{\"a}rvisalo, Matti and Suda, Martin},
	year={2020},
	publisher = {Department of Computer Science, University of Helsinki},
	url={http://hdl.handle.net/10138/318754}
}

@proceedings{balyo2021proceedings,
	title={Proceedings of SAT Competition 2021: Solver and Benchmark Descriptions},
	editor={Balyo, Tom{\'a}{\v{s}} and Froleyks, Nils and Heule, Marijn J. H. and Iser, Markus and J{\"a}rvisalo, Matti and Suda, Martin},
	year={2021},
	publisher = {Department of Computer Science, University of Helsinki},
	url={http://hdl.handle.net/10138/333647}
}

@book{breiman1984classification,
	title={Classification and Regression Trees},
	author={Breiman, Leo and Friedman, Jerome H. and Olshen, Richard A. and Stone, Charles J.},
	year={1984},
	publisher={Wadsworth},
	doi={10.1201/9781315139470}
}

@article{breiman2001random,
	title={Random Forests},
	author={Breiman, Leo},
	journal={Mach. Learn.},
	volume={45},
	number={1},
	pages={5--32},
	year={2001},
	doi={10.1023/A:1010933404324}
}

@inproceedings{cameron2020predicting,
	title={Predicting Propositional Satisfiability via End-to-End Learning},
	author={Cameron, Chris and Chen, Rex and Hartford, Jason and Leyton-Brown, Kevin},
	booktitle={Pro. AAAI},
	location={New York, NY, USA},
	pages={3324--3331},
	year={2020},
	doi={10.1609/aaai.v34i04.5733}
}

@article{carvalho2019machine,
	title={Machine Learning Interpretability: A Survey on Methods and Metrics},
	author={Carvalho, Diogo V. and Pereira, Eduardo M. and Cardoso, Jaime S.},
	journal={Electronics},
	volume={8},
	number={8},
	year={2019},
	doi={10.3390/electronics8080832}
}

@inproceedings{chen2016xgboost,
	title={{XGBoost}: A Scalable Tree Boosting System},
	author={Chen, Tianqi and Guestrin, Carlos},
	booktitle={Proc. KDD},
	location={San Francisco, CA, USA},
	pages={785--794},
	year={2016},
	doi={10.1145/2939672.2939785}
}

@inproceedings{collautti2013snnap,
	author    = {Marco Collautti and Yuri Malitsky and Deepak Mehta and Barry O'Sullivan},
	title     = {{SNNAP:} Solver-Based Nearest Neighbor for Algorithm Portfolios},
	booktitle = {Proc. ECML PKDD},
	location  = {Prague, Czech Republic},
	pages     = {435--450},
	year      = {2013},
	doi       = {10.1007/978-3-642-40994-3_28}
}

@inproceedings{devlin2008satisfiability,
	title={Satisfiability as a Classification Problem},
	author={Devlin, David and O'Sullivan, Barry},
	booktitle={Proc. AICS},
	location={Cork, Ireland},
	year={2008},
	url={http://www.cs.ucc.ie/~osullb/pubs/classification.pdf}
}

@inproceedings{elhalaby2020learning,
	title={Learning the Satisfiability of {\L}-clausal Forms},
	author={El Halaby, Mohamed and Abdalla, Areeg},
	booktitle={Proc. SAI},
	location={London, UK},
	pages={94--102},
	year={2020},
	doi={10.1007/978-3-030-52246-9_7}
}

@inproceedings{gilpin2018explaining,
	title={Explaining Explanations: An Overview of Interpretability of Machine Learning},
	author={Gilpin, Leilani H. and Bau, David and Yuan, Ben Z. and Bajwa, Ayesha and Specter, Michael and Kagal, Lalana},
	booktitle={Proc. DSAA},
	pages={80--89},
	year={2018},
	doi={10.1109/DSAA.2018.00018}
}

@article{gorodkin2004comparing,
	title={Comparing two K-category assignments by a K-category correlation coefficient},
	author={Gorodkin, Jan},
	journal={Comput. Biol. Chem.},
	volume={28},
	number={5-6},
	pages={367--374},
	year={2004},
	doi={10.1016/j.compbiolchem.2004.09.006}
}

@article{guyon2003introduction,
	title={An Introduction to Variable and Feature Selection},
	author={Guyon, Isabelle and Elisseeff, Andr{\'e}},
	journal={J. Mach. Learn. Res.},
	volume={3},
	number={Mar},
	pages={1157--1182},
	year={2003},
	url={https://www.jmlr.org/papers/volume3/guyon03a/guyon03a.pdf}
}

@inproceedings{hutter2013identifying,
	title={Identifying Key Algorithm Parameters and Instance Features using Forward Selection},
	author={Hutter, Frank and Hoos, Holger H. and Leyton-Brown, Kevin},
	booktitle={Proc. LION},
	location={Catania, Italy},
	pages={364--381},
	year={2013},
	doi={10.1007/978-3-642-44973-4_40}
}

@article{iser2020collaborative,
	title={Collaborative Management of Benchmark Instances and their Attributes},
	author={Iser, Markus and Springer, Luca and Sinz, Carsten},
	journal={arXiv preprint arXiv:2009.02995},
	year={2020},
	url={https://arxiv.org/abs/2009.02995}
}

@inproceedings{kadioglu2010isac,
	author    = {Serdar Kadioglu and Yuri Malitsky and Meinolf Sellmann and Kevin Tierney},
	title     = {{ISAC} -- Instance-Specific Algorithm Configuration},
	booktitle = {Proc. ECAI},
	location  = {Lisbon, Portugal},
	pages     = {751--756},
	year      = {2010},
	doi       = {10.3233/978-1-60750-606-5-751}
}

@article{kraskov2004estimating,
	title={Estimating mutual information},
	author={Kraskov, Alexander and St{\"o}gbauer, Harald and Grassberger, Peter},
	journal={Phys. Rev. E},
	volume={69},
	number={6},
	year={2004},
	doi={10.1103/PhysRevE.69.066138}
}

@article{leyton2014understanding,
	title={Understanding the Empirical Hardness of {NP}-Complete Problems},
	author={Leyton-Brown, Kevin and Hoos, Holger H. and Hutter, Frank and Xu, Lin},
	journal={Commun. ACM},
	volume={57},
	number={5},
	pages={98--107},
	year={2014},
	doi={10.1145/2594413.2594424}
}

@inproceedings{liu2020learning,
	title={Learning the Satisfiability of Pseudo-Boolean Problem with Graph Neural Networks},
	author={Liu, Minghao and Zhang, Fan and Huang, Pei and Niu, Shuzi and Ma, Feifei and Zhang, Jian},
	booktitle={Proc. CP},
	location={Louvain-la-Neuve, Belgium},
	pages={885--898},
	year={2020},
	doi={10.1007/978-3-030-58475-7_51}
}

@inproceedings{lundberg2017unified,
	title={A Unified Approach to Interpreting Model Predictions},
	author={Lundberg, Scott M. and Lee, Su-In},
	booktitle={Proc. NIPS},
	location={Long Beach, CA, USA},
	year={2017},
	url={https://proceedings.neurips.cc/paper/2017/file/8a20a8621978632d76c43dfd28b67767-Paper.pdf}
}

@article{matthews1975comparison,
	title={Comparison of the predicted and observed secondary structure of {T4} phage lysozyme},
	author={Matthews, Brian W.},
	journal={Biochim. Biophys. Acta - Protein Struct.},
	volume={405},
	number={2},
	pages={442--451},
	year={1975},
	doi={10.1016/0005-2795(75)90109-9}
}

@article{pedregosa2011scikit,
	title={Scikit-learn: Machine Learning in {P}ython},
	author={Fabian Pedregosa and Ga{{\"e}}l Varoquaux and Alexandre Gramfort and Vincent Michel and Bertrand Thirion and Olivier Grisel and Mathieu Blondel and Peter Prettenhofer and Ron Weiss and Vincent Dubourg and Jake Vanderplas and Alexandre Passos and David Cournapeau and Matthieu Brucher and Matthieu Perrot and {{\'E}}douard Duchesnay},
	journal={J. Mach. Learn. Res.},
	volume={12},
	number={85},
	pages={2825--2830},
	year={2011},
	url={http://jmlr.org/papers/v12/pedregosa11a.html}
}

@article{popescu2021overview,
	title={An Overview of Machine Learning Techniques in Constraint Solving},
	author={Popescu, Andrei and Polat-Erdeniz, Seda and Felfernig, Alexander and Uta, Mathias and Atas, M{\"u}sl{\"u}m and Le, Viet-Man and Pilsl, Klaus and Enzelsberger, Martin and Tran, Thi Ngoc Trang},
	journal={J. Intell. Inf. Syst.},
	volume={58},
	number={1},
	pages={1--28},
	year={2021},
	doi={10.1007/s10844-021-00666-5}
}

@misc{selsam2018learning,
	title={Learning a {SAT} Solver from Single-Bit Supervision},
	author={Selsam, Daniel and Lamm, Matthew and B{\"u}nz, Benedikt and Liang, Percy and de Moura, Leonardo and Dill, David L.},
	journal={arXiv:1802.03685v4 [cs.AI]},
	year={2019},
	url={https://arxiv.org/abs/1802.03685v4}
}

@inproceedings{wu2017improving,
	title={Improving {SAT}-Solving with Machine Learning},
	author={Wu, Haoze},
	booktitle={Proc. SIGCSE},
	location={Seattle, WA, USA},
	pages={787--788},
	year={2017},
	doi={10.1145/3017680.3022464}
}

@article{xu2008satzilla,
	title={{SATzilla}: Portfolio-based Algorithm Selection for {SAT}},
	author={Xu, Lin and Hutter, Frank and Hoos, Holger H. and Leyton{-}Brown, Kevin},
	journal={J. Artif. Intell. Res.},
	volume={32},
	pages={565--606},
	year={2008},
	doi={10.1613/jair.2490}
}

@techreport{xu2012features,
	author={Xu, Lin and Hutter, Frank and Hoos, Holger and Leyton-Brown, Kevin},
	title={Features for {SAT}},
	institution={University of British Columbia},
	year={2012},
	url={https://www.cs.ubc.ca/labs/beta/Projects/SATzilla/Report_SAT_features.pdf}
}

@inproceedings{xu2012predicting,
	title={Predicting Satisfiability at the Phase Transition},
	author={Xu, Lin and Hoos, Holger and Leyton-Brown, Kevin},
	booktitle={Proc. AAAI},
	location={Toronto, ON, Canada},
	pages={584--590},
	year={2012},
	doi={10.1609/aaai.v26i1.8142}
}

@inproceedings{xu2012satzilla2012,
	title={{SATzilla2012}: Improved Algorithm Selection Based on Cost-sensitive Classification Models},
	author={Xu, Lin and Hutter, Frank and Shen, Jonathan and Hoos, Holger H. and Leyton{-}Brown, Kevin},
	booktitle={Proc. SAT Challenge},
	location={Trento, Italy},
	pages={57--58},
	year={2012},
	url={http://hdl.handle.net/10138/34218}
}

@inproceedings{xu2018towards,
	title={Towards Effective Deep Learning for Constraint Satisfaction Problems},
	author={Xu, Hong and Koenig, Sven and Kumar, T. K.},
	booktitle={Proc. CP},
	location={Lille, France},
	pages={588--597},
	year={2018},
	doi={10.1007/978-3-319-98334-9_38}
}

@inproceedings{yehuda2020its,
	title={It's not what machines can learn, it's what we cannot teach},
	author={Yehuda, Gal and Gabel, Moshe and Schuster, Assaf},
	booktitle={Proc. ICML},
	pages={10831--10841},
	year={2020},
	url={https://proceedings.mlr.press/v119/yehuda20a.html}
}
